@article{Barabasi1999,
address = {Department of Physics, University of Notre Dame, Notre Dame, IN 46556, USA},
author = {Barab\'{a}si, Albert-L\'{a}szl\'{o} and Albert, R\'{e}ka},
doi = {10.1126/science.286.5439.509},
journal = {Science},
number = {5439},
pages = {509--512},
title = {Emergence of Scaling in Random Networks},
volume = {286},
year = {1999}}

@article{Barabasi2002A,
author = {Barab\'{a}si, Albert-L\'{a}szl\'{o} and Albert, R\'{e}ka},
title = {Statistical mechanics of complex networks},
journal = {REVIEWS OF MODERN PHYSICS},
volume = {74},
year = {2002},
pages = {47--97}}

@article{Barabasi2002,
author = {A.L. Barabasi and H. Jeong and Z. N\'eda and E. Ravasz and A. Shubert and T. Vicsek},
title = {Evolution of the social network of scientific collaborations},
journal = {Physica A},
number = {311},
year = {2002},
pages = {590--614}}

@article{Batagelj2005,
author = {Batagelj, Vladimir and Brandes, Ulrik},
journal = {Physcal Review E},
title = {Efficient generation of large random networks},
volume = {71},
year = {2005}}

@book{Bondy1976,
author = {J.A. Bondy and U.S.R. Murty},
title = {Graph theory with applications},
address = {Amsterdam},
publisher = {North Holland},
year = {1976}}

@article{Brandes2001,
author = {Ulrik Brandes},
title = {A faster algorithm for betweenness centrality},
journal = {Journal of Mathematical Sociology},
volume = {25},
year = {2001},
pages = {163--177}}

@article{Brandes2008,
author = {Ulrik Brandes},
title = {On variants of shortest-path betweenness centrality and their generic computation},
journal = {Social Networks},
volume = {30},
number = {2},
year = {2008},
pages = {136--145}}

@article{Casteigts2011,
author = {Arnaud Casteigts and Paola Flocchini and Walter Quattrociocchi and Nicola Santoro},
title = {Time-varying graphs and dynamic networks},
url = {http://front.math.ucdavis.edu/1012.0009},
urlaccessdate = {17 jun. 2011},
year = {2011}}

@inbook{Chatterjee2007,
author = {Chatterjee, N. and Sinha, S.},
booktitle = {Models of brain and mind - physical, computational and psychological approaches},
doi = {10.1016/S0079-6123(07)68012-1},
isbn = {9780444530509},
issn = {00796123},
pages = {145--153},
publisher = {Elsevier},
series = {Progress in Brain Research},
title = {Understanding the mind of a worm: hierarchical network structure underlying nervous system function in C. elegans},
volume = {168},
year = {2007}}

@article{Csanyi2004,
author = {G\'abor Cs\'anyi and Bal\'azs Szendr\"oi},
title = {Fractal-small-world dichotomy in real-world networks},
journal = {Physical Review E},
publisher = {The American Physical Society},
number = {70},
year = {2004}}

@book{Darwin1859,
author = {Charles Darwin},
title = {On the origin of species by means of natural selection, or the preservation of favoured races in the struggle for life},
address = {London},
publisher = {John Murray},
year = {1859}}

@article{Erdos1959,
author = {Erd\"os, P. and R\'enyi, A.},
title = {On random graphs},
journal = {Publicationes Mathematicae},
year = {1959},
volume = {6},
pages = {290--297}}

@article{Euler1741,
author = {Leonhard Euler},
title = {Solutio problematis ad geometriam situs pertinentis},
journal = {Commentarii academiae scientiarum Petropolitanae},
volume = {8},
year = {1741},
pages = {128--140}}

@article{Freeman1977,
author = {Freeman, Linton C.},
title = {A set of measures of centrality based on betweenness},
journal = {Sociometry},
year = {1977},
volume = {40},
number = {1},
pages = {35--41}}

@article{Freeman1979,
author = {Freeman, Linton C.},
title = {Centrality in social networks: conceptual clarification},
journal = {Social Networks},
year = {1979},
volume = {1},
pages = {215--239}}

@article{Han2008,
author = {Sangman Han and Beom Jun Kim},
title = {Network analysis of an online community},
journal = {Physica A},
number = {387},
year = {2008},
pages = {5946--5951}}

@article{Gardner1970,
author = {Gardner, M.},
title = {Mathematical games: the fantastic combinations of John Conway'S
new solitaire game "Life"},
journal = {Scientific American},
number = {223},
pages = {120--123},
year = {1970}}

@article{Hunt2007,
title = {The relative importance of directional change, random walks, and stasis in the evolution of fossil lineages},
author = {Hunt, G.},
journal = {Proc Natl Acad Sci U S A},
year = {2007},
volume = {104},
pages = {18404--18408}}

@article{Hill2008,
author = {Hill, Russel A. And Bentley, Alexander And Dunbar, Robin I},
title = {Network scaling reveals consistent fractal pattern in hierarchical mammalian societies},
journal = {Bioloy Letters},
year = {2008}}

@article{Jackson1996,
author = {Matthew O. Jackson and Asher Wolinsky},
title = {A strategic model of social and economic networks},
journal = {Journal of economic theory},
number = {71},
year = {1996},
pages = {44--74}}

@article{Johnson1977,
author = {Donald B. Johnson},
title = {Efficient algorithms for shortest paths in sparse networks},
journal = {Journal of the Association for Computing Machiner},
publisher = {ACM New York},
volume = {24},
year = {1977}}

@book{Joyner2011,
author = {David Joyner and Minh Van Nguyen and Nathann Cohen},
title = {Algorithmic graph theory},
publisher = {Google Code},
url = {http://graph-theory-algorithms-book.googlecode.com/files/graph-theory-0.6.pdf},
urlaccessdate = {17 jun. 2011},
year = {2011}}

@article{Kilduff2008,
author = {Martin Kilduff and Craig Crossland and Wenpin Tsai and David Krackhardt},
title = {Organizational network perceptions versus reality: A small world after all?},
journal = {Organizational Behavior and Human Decision Processes},
number = {107},
year = {2008},
pages = {15--28}}

@article{Khan2008,
author = {Javed I. Khan and Sajid S. Shaikh},
title = {Computing in social network with relationship algebra},
journal = {Journal of Network and Computer Applications},
number = {31},
year = {2008},
pages = {862--878}}

@article{Latora2001,
author = {Vito Latora and Massimo Marchiori},
title = {Efficient behavior of small-world networks},
year = {2001},
volume = {87},
number = {10},
journal = {Physical Review Letters}}

@article{Li2008,
author = {Yan-Long Li and Jun Ma and Wen-Ke Xu and Hong-Bo Li and Min Wu},
title = {Critical features of coupling parameter in synchronization of small word neural networks},
journal = {Chaos, Solitons and Fractals},
number = {37},
year = {2008},
pages = {1083--1089}}

@mastersthesis{Mattos2007,
author = {Sandra Maria Cerqueira da Silva Mattos},
title = {O arranjo produtivo de flores em Marac\'{a}s (Ba) como estrat\'egia para o desenvolvimento local},
school  = {Universidade do Estado da Bahia},
address = {Santo Ant\~{o}nio de Jesus},
year = {2007}}

@article{Milgram1967,
author = {Stanley Milgram},
title = {The small word problem},
journal = {Psychology Today},
year = {1967},
pages = {60--67},
number = {2}}

@article{Millington2009,
author = {Ian Millington},
title = {Constant time game pathfinding with the Roy-Floyd-Warshall algorithm},
url = {http://www.cse.ust.hk/faculty/golin/COMP271Sp03/Notes/MyL15.pdf},
urlaccessdate = {17 jun. 2011},
year = {2009}}

@patent{Monteiro2005,
author = {Roberto Luiz Souza Monteiro and Marcelo A. Moret},
title = {Guar\'aScript and guash(The GnU Algebraic SHell)},
howpublished={26 Out. 2005},
number = {BR n. 0000270504750074},
organization={Monteiro, {R. L. S.}},
year = {2005}}

@incollection{Monteiro2007,
address = {Salvador},
author = {Roberto L. S. Monteiro and Marcelo A. Moret},
booktitle = {Tecnologias da informa\c{c}\~ao},
booksubtitle = {Gest\~ao e m\'etodo},
editor = {Emanuel Jos\'{e} Rebou\c{c}as Ferreira},
editortype = {Org.},
pages = {148-166},
publisher = {Editora FIB},
title = {Otimizando a distribui\c{c}\~{a}o de materiais},
year = {2007}}

@inproceedings{Monteiro2009,
address = {Salvador},
author = {Roberto L. S. Monteiro and Jos\'e Roberto de Ara\'uo Fontoura and Hernane Borges Pereira and Marcelo A. Moret},
booktitle = {III Workshop de Modelagem Computacional da Difus\~ao do Conhecimento},
month = {December},
conferencelocation = {Petr\'opoles},
publisher = {Laborat\'orio Nacional de Computa\c{c}\~ao Cient\'ifica},
title = {Toolbox para o estudo da difus\~ao do conhecimento utilizando redes sociais e complexas},
year = {2009}}

@patent{Monteiro2009SCNTOOLS,
author = {Roberto Luiz Souza Monteiro and Hernane Borges Pereira and Marcelo A. Moret and In\'acio S. Fadigas},
title = {SCNTOOLS - Complex network analysis tools},
howpublished={29 jun. 2009},
number = {BR n. RS 11102-5},
organization={Monteiro, {R. L. S.}},
year = {2009}}

@inproceedings{Monteiro2010,
address = {Salvador},
author = {Roberto Luiz Souza Monteiro and Hernane Borges Pereira and Marcelo A. Moret and Tereza Kelly Gomes Carneiro},
booktitle = {IV Col\'oquio Internacional Saberes, Pr\'aticas (Cisp)},
month = {Outubro},
conferencelocation = {Salvador},
publisher = {Universidade Federal Da Bahia - UFBA},
title = {Modelo evolutivo de difus\~ao do conhecimento em arranjos produtivos locais, baseado em afinidade},
year = {2010}}

@article{Moody2003,
author = {James Moody and Douglas R. White},
title = {Structural cohesion and embeddedness: A hierarchical concept of social groups},
journal = {American Sociological Review},
volume = {68},
number = {february},
year = {2003},
pages = {103--127}}

@article{Moret2011,
author = {M. A. Moret and H. B. B. Pereira and S. L. Monteiro and A. C. Galeão},
doi = {10.1016/j.physa.2011.12.024},
title = {Evolution of species from Darwin theory: a simple model},
journal = {Physica A},
year = {2012}}

@article{Morita2001,
author = {Satoru Morita and Ken-ichi Oshio and Yuko Osana and Yasuhiro Funabashi and Kotaro Oka and Kiyoshi Kawamura},
title = {Geometrical structure of the neuronal network of Caenorhabditis elegans},
journal = {Physica A},
volume = {298},
year = {2001},
pages = {553--561}}

@article{Nash1951,
author = {Nash, John},
doi = {10.2307/1969529},
journal = {The Annals of Mathematics},
number = {2},
pages = {286--295},
publisher = {Annals of Mathematics},
series = {Second Series},
title = {Non-cooperative games},
volume = {54},
year = {1951}}

@book{Neumann2006,
author = {John von Neumann and Oskar Morgenstern},
title = {Theory of games and economic behavior},
address = {Princeton},
publisher = {Princeton University Press},
year = {1944}}

@article{Newman2003,
author = {M. E. J. Newman},
title = {The structure and function of complex networks},
journal = {SIAM Review},
volume = {45},
number = {2},
year = {2003},
pages = {167--256}}

@book{Newman2006,
author = {Newman, M. E. J. and Barab\'{a}si, A. L. and Watts, D. J.},
title = {The structure and dynamics of networks},
address = {Princeton},
publisher = {Princeton University Press},
year = {2006}}

@book{Newman2010,
author = {Newman, M. E. J.},
title = {Networks: an introduction},
address = {Oxford},
publisher = {Oxford University Press},
year = {2010}}

@article{Oberg2008,
author = {Achim Oberg and Peter Walgenbach},
title = {Hierarchical structure of communication in a network organization},
journal = {Scand. J. Mgmt},
number = {24}, 
year = {2008},
pages = {183--198}}

@article{Peng1994,
author = {C. -K. Peng and S. V. Buldyrev and S. Havlin and M. Simons and H. E. Stanley and A. L. Goldberger},
title = {Mosaic organization of DNA nucleotides},
journal = {Physical Review E},
volume = {49},
number = {2},
year = {1994},
pages = {1685--1689}}

@article{Penna2004,
author = {Oliveira, Suzana Moss de and Martins, Jorge S. Sa and Oliveira, Paulo Murilo C. de and Luz-Burgoa, Karen and Ticona, Armando and Penna, Thadeu J. P.},
title = {The Penna model for biological aging and speciation},
journal = {Computing in Science and Engg.},
volume = {6},
number = {3},
month = may,
year = {2004},
pages = {74--81},
doi = {10.1109/MCSE.2004.54},
publisher = {IEEE Educational Activities Department}}

@article{Pereira2007,
author = {Hernane Borges de Barros Pereira and Mario Cezar Freitas and Renelson Ribeiro Sampaio},
title = {Fluxos de informa\c{c}\~{a}o e conhecimentos para inova\c{c}\~{o}es no arranjo produtivo local de confec\c{c}\~{o}es em Salvador, Bahia},
journal = {DataGramaZero - Revista de Ci\^{e}ncia da Informa\c{c}\~{a}o},
volume = {8},
number = {4},
year = {2007}}

@book{Pressman1995,
author = {Roger S. Pressman},
title = {Engenharia de software},
publisher = {Pearson Education do Brasil},
address = {S\~ao Paulo},
year = {1995}}

@article{Prieto2008,
author = {Beatriz Prieto and Fernando Tricas and Juan J. Merelo and Antonio Mora and Alberto Prieto},
title = {Visualizing the evolution of a web-based social network},
journal = {Journal of Network and Computer Applications},
number = {31},
year = {2008},
pages = {677--698}}

@article{Reznick2009,
author = {Reznick, David N. and Ricklefs, Robert E.},
day = {11},
doi = {10.1038/nature07894},
issn = {0028-0836},
journal = {Nature},
month = feb,
number = {7231},
pages = {837--842},
publisher = {Nature Publishing Group},
title = {Darwin's bridge between microevolution and macroevolution},
volume = {457},
year = {2009}}

@book{SEBRAE2005,
author = {SEBRAE},
title = {Diagn\'ostico Empresarial MPE'S Especializada no Setor T\^extil da Rua Direita do Uruguai},
address = {Salvador},
publisher = {SEBRAE},
year = {2005}}

@article{Silva2010,
author = {Carlos Eduardo Lobo e Silva and Geoffrey J. D. Hewings},
title = {A decis\~ao sobre investimento em capital humano em um arranjo produtivo local (APL): uma abordagem te\'orica},
journal = {RBE},
volume = {64},
number = {1},
year = {2010},
pages = {67--79}}

@article{Silver2008,
author = {Steven D. Silver and Phillip Cowans},
title = {Small world network model of personal consumption: Demand-side management in an expert system},
journal = {Expert Systems with Applications},
number = {35},
year = {2008},
pages = {632--644}}

@article{Sozanski2005,
author = {Mariusz Sozanski and Jan Zebrowski},
title = {On the application of dfa to the analysis of unimodal maps},
journal = {Acta Physica Polonica B},
volume = {36},
number = {5},
year = {2005},
pages = {1803--1822}}

@article{Sneppen1993,
author = {Bak, Per and Sneppen, Kim},
doi = {10.1103/PhysRevLett.71.4083},
journal = {Physical Review Letters},
number = {24},
pages = {4083--4086},
publisher = {American Physical Society},
title = {Punctuated equilibrium and criticality in a simple model of evolution},
volume = {71},
year = {1993}}

@article{Takaoka1998,
author = {Tadao Takaoka},
title = {Shortest path algorithms for nearly acyclic directed graphs},
journal = {Theoretical Computer Science - Special issue: graph theoretic concepts in computer science},
publisher = {Elsevier Science Publishers Ltd},
volume = {203},
year = {1998}}

@book{Tenembaum1995,
author = {Aaron Tenembaum},
title = {Estruturas de dados usando C},
address = {S\~ao Paulo},
publisher = {MAKRON Books},
year = {1995}}

@article{Varshney2010,
author = {Varshney, Lav R. and Chen, Beth L. and Paniagua, Eric and Hall, David H. and Chklovskii, Dmitri B.},
month = jun,
title = {{Structural properties of the Caenorhabditis elegans neuronal network}},
doi = {10.1371/journal.pcbi.1001066},
volume = {7},
pages = {1--21},
year = {2011}}

@article{Waits2000,
author = {M. Waits},
title = {The added value of the industry cluster approach to economic analysis, strategy development, and service delivery},
journal = {Economic Development Quarterly},
volume = {14},
number = {1},
year = {2000},
pages = {35--50}}

@article{Watts1998,
author = {Watts, D. J. and Strogatz, S. H.},
title = {Collective dynamics of 'small-world' networks},
journal = {Nature},
year = {1998},
volume = {393},
pages = {440--442},
number = {6684}}

@article{Watts1999,
author = {Watts, Duncan J.},
title = {Networks, dynamics, and the small-world phenomenon},
journal = {The American Journal of Sociology},
volume = {105},
number = {2},
pages = {493--527},
year = {1999}}

@inproceedings{Watts2002,
author = {Watts, D. J.},
title = {A simple model of global cascades on random networks},
year = {2002},
volume = {99},
pages = {5766--5771},
organization = {National Academy of Science of the USA}}

@article{White1986,
author = {J. G. White and E. Southgate and J. N. Thomson and S. Brenner},
title = {The Structure of the Nervous System of the Nematode Caenorhabditis elegans},
doi = {10.1098/rstb.1986.0056},
journal = {Phil. Trans. R. Soc. Lond. B},
year = {1986},
volume = {314},
pages = {1--340},
number = {1165}}

@article{Wolfram1983,
author = {Wolfram, S.},
title = {Mathematical systems of simple construction are found capable of
highly complex behavior with many universal features},
journal = {Los Alamos Science},
pages = {2--21},
year = {1983}}

@article{Yuan2008,
author = {Wu-Jie Yuan and Xiao-Shu Luo and Pin-Qun Jiang and Bing-Hong Wang and Jin-Qing Fang},
title = {Transition to chaos in small-world dynamical network},
journal = {Chaos, Solitons and Fractals},
number = {37},
year = {2008},
pages = {799--806}}

@article{Zmeskal2001,
author = {Zmeskal, Oldrich and Vesel\'y, Michal and Nez\'adal, Martin and Buchnicek, Miroslav},
title = {Fractal analysis of image structure},
journal = {Harmonic and Fractal Image Analysis},
address = {Czech Republic},
publisher = {HarFA e-journal},
year = {2001},
pages = {3--5}}

